<?xml version="1.0" encoding="UTF-8"?><collection xmlns="http://www.loc.gov/MARC21/slim"><record><leader>00438nam--2200181-u-4500</leader><controlfield tag="001">000052009</controlfield><controlfield tag="002">20161230</controlfield><controlfield tag="005">20170102004013</controlfield><controlfield tag="008">090528s1000------------r-----000-0-eng-d</controlfield><datafield ind1=" " ind2=" " tag="040"><subfield code="a">IFIN-HH</subfield></datafield><datafield ind1=" " ind2=" " tag="080"><subfield code="a">517.958</subfield></datafield><datafield ind1="1" ind2=" " tag="100"><subfield code="a">Budak, B. M</subfield></datafield><datafield ind1="1" ind2="0" tag="245"><subfield code="a">Sbornik Zadach po Matematicheskoi Fizike</subfield></datafield><datafield ind1=" " ind2=" " tag="260"><subfield code="a">Moskva</subfield><subfield code="b">Nauka</subfield><subfield code="c">1972</subfield></datafield><datafield ind1=" " ind2=" " tag="300"><subfield code="a">687 p</subfield></datafield><datafield ind1=" " ind2=" " tag="700"><subfield code="a">Tikhonov, A. N</subfield></datafield><datafield ind1=" " ind2=" " tag="852"><subfield code="a">76651</subfield><subfield code="c">517.9</subfield></datafield><datafield ind1=" " ind2=" " tag="CAT"><subfield code="a">SYS</subfield><subfield code="c">20170102</subfield><subfield code="h">004013</subfield></datafield></record></collection>